@book{hyde2010art,
  title={The Art of Assembly Language},
  author={Hyde, Randall},
  year={2010},
  edition={2nd},
  publisher={No Starch Press},
  address={San Francisco, CA},
  isbn={978-1593272074},
  url={https://www.nostarch.com/assembly.htm}
}

@book{susanto1995belajar,
  title={Belajar Pemrograman Bahasa Assembly},
  author={Susanto},
  year={1995},
  publisher={Elex Media Komputindo},
  address={Jakarta},
  language={Indonesian},
  note={Buku pembelajaran bahasa assembly dalam bahasa Indonesia}
}

@book{brey1986mikroprosesor,
  title={Mikroprosesor Intel 8086/8088 dsb},
  author={Brey, Barry B},
  publisher={Penerbit Informatika},
  year={1986},
  address={Bandung},
  language={Indonesian},
  note={Buku referensi mikroprosesor Intel 8086/8088 dalam bahasa Indonesia}
}

@book{nopi2003tutorial,
  title={Tutorial Bahasa Assembly (x86)},
  author={Nopi, Arif},
  publisher={Jasakom},
  year={2003},
  address={Jakarta},
  language={Indonesian},
  note={Tutorial bahasa assembly untuk arsitektur x86 dalam bahasa Indonesia}
}

@book{partoharsojo2003tuntunan,
  title={Tuntunan Praktis Pemrograman Assembly},
  author={Partoharsojo, Hartono},
  publisher={Penerbit Informatika},
  year={2003},
  address={Bandung},
  language={Indonesian},
  note={Panduan praktis pemrograman assembly dalam bahasa Indonesia}
}

@manual{intel2019manual32,
  title={Intel 64 and IA-32 Architectures Software Developer's Manual},
  author={{Intel Corporation}},
  month={June},
  year={2019},
  volume={1},
  note={Basic Architecture},
  url={https://www.intel.com/content/www/us/en/architecture-and-technology/64-ia-32-architectures-software-developer-manual.html},
  organization={Intel Corporation},
  address={Santa Clara, CA}
}

@techreport{borland1990tasm,
  title={Turbo Assembler (TASM) User's Guide},
  author={{Borland International}},
  year={1990},
  institution={Borland International},
  address={Scotts Valley, CA},
  note={User manual untuk Turbo Assembler versi 2.0},
  type={User Manual}
}

@misc{osdev_wiki,
  title={OSDev Wiki},
  howpublished={\url{https://wiki.osdev.org/}},
  note={Dokumentasi terbuka tentang pengembangan sistem operasi, referensi BIOS, x86, dan perangkat keras}
}

@misc{wiki_8086,
  title={Intel 8086},
  author={{Wikipedia contributors}},
  year={2025},
  howpublished={\url{https://en.wikipedia.org/wiki/Intel_8086}},
  note={Diakses 2025-10-04}
}

@misc{wiki_two_complement,
  title={Two's complement},
  author={{Wikipedia contributors}},
  year={2025},
  howpublished={\url{https://en.wikipedia.org/wiki/Two%27s_complement}},
  note={Diakses 2025-10-04}
}

@misc{wiki_endianness,
  title={Endianness},
  author={{Wikipedia contributors}},
  year={2025},
  howpublished={\url{https://en.wikipedia.org/wiki/Endianness}},
  note={Diakses 2025-10-04}
}

@manual{nasm_manual,
  title={The NASM Documentation},
  author={{NASM Project}},
  year={2025},
  howpublished={\url{https://www.nasm.us/doc/}},
  note={Manual assembler NASM, sumber terbuka}
}

@misc{rbil,
  title={Ralf Brown's Interrupt List},
  author={Brown, Ralf},
  howpublished={\url{http://www.ctyme.com/rbrown.htm}},
  note={Referensi interupsi DOS/BIOS klasik yang bersifat publik}
}

@misc{dosbox_manual,
  title={DOSBox Manual},
  author={{DOSBox Team}},
  howpublished={\url{https://www.dosbox.com/wiki/Manual:Main}},
  note={Dokumentasi emulator DOSBox, open documentation}
}

@book{abrash_black_book,
  title={Michael Abrash's Graphics Programming Black Book},
  author={Abrash, Michael},
  year={1997},
  publisher={Special Edition},
  howpublished={\url{https://www.drdobbs.com/parallel/michael-abrashs-graphics-programming-black/184404919}},
  note={Bab-bab tentang VGA/mode 13h tersedia publik}
}
